%% This BibTeX bibliography file was created using BibDesk.
%% http://bibdesk.sourceforge.net/


%% Created for Lauro Cesar Araujo at 2013-01-14 23:15:37 -0200 
%% modified by machnievscz at 2013-01-22: changed Equipe abnTeX2 by abnTeX2

%% Saved with string encoding Unicode (UTF-8) 



@inproceedings{tinoco2022wildfire,
  title        = {Wildfire simulation model based on cellular automata and stochastic rules},
  author       = {Tinoco, Claudiney R and Ferreira, Heitor F and Martins, Luiz GA and Oliveira, Gina MB},
  booktitle    = {International Conference on Cellular Automata for Research and Industry},
  pages        = {246--256},
  year         = {2022},
  organization = {Springer}
}